@ARTICLE{costa16,
  title    = "Learning an efficient constructive sampler for graphs",
  author   = "Costa, Fabrizio",
  journal  = "Artif. Intell.",
  year =         "2016",
  keywords = "Graph construction; Graph sampling; Graph kernels; Metropolis
              Hastings sampling"
}

@Article{rfam,
  author =       "S. Griffiths-Jones, A. Bateman, M. Marshall",
  title =        "Rfam: an RNA family database",
  journal =      "Nucleic Acids Res.",
  year =         "2003",
  volume =       "31",
  pages =        "439--441",
}

@Article{costa14,
  author =       "F. Costa and D. Sorescu",
  title =        "The Constructive Learning Problem: an efficient
                 approach for hypergraphs",
  journal =      "Workshop on Constructive Machine Learning (CML) NIPS,
                 Lake Tahoe, Nevada, USA, 10 December",
  year =         "2013",
}

@Article{metropolis,
  author =       "Metropolis N.{,} A. W. Rosenbluth{,} M. N.
                 Rosenbluth{,} A. H. Teller and E. Teller",
  title =        "Equations of State Calculations by Fast Computing
                 Machines",
  journal =      "Journal of Chemical Physics",
  year =         "1953",
  volume =       "21",
  pages =        "1087--1092",
}

@Article{Zucker,
  author =       "M. Zuker",
  title =        "Prediction of {RNA} secondary structure by energy
                 minimization",
  journal =      "Methods Mol. Biol.",
  year =         "1994",
  volume =       "25",
  pages =        "267--294",
}

@Article{inforna,
  author =       "Anke Busch and Rolf Backofen",
  title =        "{INFO}-{RNA} --a fast approach to inverse {RNA}
                 folding",
  journal =      "Structural bioinformatics",
  year =         "2006",
  volume =       "22",
  pages =        "1823--1831",
}

@Article{costagrave,
  author =       "F. Costa  and K. De Grave",
  title =        "Fast neighborhood subgraph pairwise distance kernel",
  journal =      "Proceedings of the 26th International Conference on MachineLearning",
  year =         "2010",
  volume =       "22",
  pages =        "255--262",
}

@Article{damgard,
  author =       "I. Damg{\aa}d",
  title =        "A design principle for hash functions",
  journal =      "Advances in Cryptology--CRYPTO89 Proceedings, Springer",
  year =         "1990",
  volume =       "22",
  pages =        "416--427",
}

@Article{SVM,
  author =       "B. Sch{\"o}lkopf , J. C. Platt , J.Shawe-Taylor{,} A. J. Smola{,}  R. C. Williamson",
  title =        "Estimating the support of a high-dimensional distribution.",
  journal =      "Neural computation",
  year =         "2001",
  volume =       "13",
  pages =        "1443--1471",
}


@Article{svmperc,
  author =       "J. Platt, et al.",
  title =        "Probabilistic outputs for support vector machines and comparisons to regularized likelihood methods",
  journal =      "Advances in large margin classifiers ",
  year =         "1999",
  volume =       "10",
  pages =        "61--74",
}


@Article{graphproduction,
  author =       "G. Rozenberg , H. Ehrig",
  title =        "Handbook of graph grammars and computing
by graph transformation",
  journal =      "World Scientific",
  year =         "1999",
  volume =       "11",
  pages =        "0--0",
}


@Article{nspdkimportance,
  author =       "F. Costa, R. Kleinkauf, P. Kohvaei",
  title =        "RNAsynth: a graph kernel approach to learn constraints for RNA inverse folding",
  journal =      "Constructive Machine Learning Workshop ICML 2015",
  year =         "2015",
  volume =       "0",
  pages =        "0--0",
}

@Article{annealing,
  author =       "S. Kirkpatrick, C. D. Gelatt, M. P. Vecchi ",
  title =        "Optimization by Simulated Annealing",
  journal =      "Science",
  year =         "1983",
  volume =       "220",
  pages =        "671--680",
}
@Article{muscle,
  author =       "Robert C. Edgar",
  title =        "MUSCLE: multiple sequence alignment with high accuracy and high throughput",
  journal =      "Nucleic Acids Res.",
  year =         "2004",
  volume =       "32",
  pages =        "1792--1797",
}

@Article{rnaalifold,
  author =      "Stephan H. Bernhart, Ivo L. Hofacker",
  title =        "RNAalifold: improved consensus structure prediction for RNA alignments",
  journal =      "BMC Bioinformatics",
  year =         "2008",
  volume =       "9",
  pages =        "474",
}
@Article{infernal,
  author =      "E. P. Nawrocki, S. R. Eddy",
  title =        "Infernal 1.1: 100-fold faster RNA homology searches",
  journal =      "Bioinformatics",
  year =         "2013",
  volume =       "29",
  pages =        "2933-2935",
}

